% Encoding: UTF-8
@Inbook{Androulidakis2016,
author="Androulidakis, Iosif I.",
title="Mobile Phone Forensics",
bookTitle="Mobile Phone Security and Forensics: A Practical Approach",
year="2016",
publisher="Springer International Publishing",
address="Cham",
pages="87--109",
isbn="978-3-319-29742-2",
doi="10.1007/978-3-319-29742-2_6",
url="http://dx.doi.org/10.1007/978-3-319-29742-2_6"
}

@inproceedings{ARTGC,
     author  = "Brian Carlstrom and Anwar Ghuloum and Ian Rogers",
     title   = "The ART runtime",
     publisher = "Google I/O",
     year    = 2014
}

@article{DALVIKGC,
  title={Secure garbage collection: Preventing malicious data harvesting from deallocated Java objects inside the Dalvik VM},
  author={Anikeev, Maxim and Freiling, Felix C and G{\"o}tzfried, Johannes and M{\"u}ller, Tilo},
  journal={Journal of Information Security and Applications},
  volume={22},
  pages={81--86},
  year={2015},
  publisher={Elsevier}
}

@misc{idc,
title={Smartphone OS Market Share, 2016 Q2},
author={IDC},
year={2016},
howpublished={\url{http://www.idc.com/prodserv/smartphone-os-market-share.jsp}}
}

@misc{AndroidMemManagement,
title={Overview of Android Memory Management},
author={Google},
howpublished={\url{https://developer.android.com/topic/performance/memory-overview.html}},
note={(Accessed on 4/11/2016.)}
}

@misc{huawei,
title={Nexus 6P},
author={Huawei},
howpublished={\url{http://consumer.huawei.com/en/mobile-phones/nexus6p/specifications.htm}},
note={(Accessed on 4/11/2016.)}
}

@book{DiFoBook,
  author    = {André Årnes and Anders O. Flaglien and Inger Marie Sunde and Ausra Dilijonaite and Jeff Hamm and Jens-Petter Sandvik and Petter C. Bjelland and Katrin Franke and Stefan Axelsson}, 
  title     = {Digital Forensics},
  publisher = {John Wiley and Sons, Limited},
  year      = 2017,
  edition   = 1,
  month     = 8,
  isbn      = {9781119262381}
}

@techreport{RFC3227,
   author = "Brezinski, D and T. Killalea",
   title = "{Guidelines for Evidence Collection and Archiving}",
   howpublished = {Internet Requests for Comments},
   type="{RFC}",
   number=3227,
   pages = {1-10},
   year = {2002},
   month = {February},
   publisher = "{RFC Editor}",
   institution = "{RFC Editor}",
   url={http://www.rfc-editor.org/rfc/rfc3227.txt}
}

@inproceedings{yang2016tool,
  title={A Tool for Volatile Memory Acquisition from Android Devices},
  author={Yang, Haiyu and Zhuge, Jianwei and Liu, Huiming and Liu, Wei},
  booktitle={IFIP International Conference on Digital Forensics},
  pages={365--378},
  year={2016},
  organization={Springer}
}